<?xml version="1.0" encoding="UTF-8"?><collection xmlns="http://www.loc.gov/MARC21/slim"><record><leader>00395nam--2200121-i-4500</leader><controlfield tag="001">000003127</controlfield><controlfield tag="002">20161230</controlfield><controlfield tag="005">20170304200036</controlfield><controlfield tag="008">060222s1000------------r-----000-0-eng-d</controlfield><datafield ind1=" " ind2=" " tag="245"><subfield code="a">Cybernetics. circular causal and feeback mechanisms in biological and social systems. Transactions of the 10-th conference, 1953</subfield></datafield><datafield ind1=" " ind2=" " tag="260"><subfield code="a">New York</subfield><subfield code="b">J.Macy</subfield><subfield code="c">[1955]</subfield></datafield><datafield ind1=" " ind2=" " tag="300"><subfield code="a">100 p</subfield></datafield><datafield ind1=" " ind2=" " tag="CAT"><subfield code="a">SYS</subfield><subfield code="c">20170304</subfield><subfield code="h">200036</subfield></datafield></record></collection>